<record><leader>00000cas a22000007a 4500</leader><controlfield tag="001">13139060</controlfield><controlfield tag="008">860211c19289999wiuwr ne      0    0eng d</controlfield><datafield ind1=" " ind2=" " tag="010"><subfield code="a">sn 86086101 </subfield></datafield><datafield ind1=" " ind2=" " tag="040"><subfield code="a">NPV</subfield><subfield code="b">eng</subfield><subfield code="c">NPV</subfield><subfield code="d">OCLCQ</subfield></datafield><datafield ind1=" " ind2=" " tag="042"><subfield code="a">msc</subfield></datafield><datafield ind1=" " ind2=" " tag="045"><subfield code="a">x2--</subfield></datafield><datafield ind1=" " ind2=" " tag="052"><subfield code="a">4123</subfield><subfield code="b">F7</subfield></datafield><datafield ind1="0" ind2=" " tag="130"><subfield code="a">Forest republican (Crandon, Wis. : 1928)</subfield></datafield><datafield ind1="1" ind2="4" tag="245"><subfield code="a">The Forest republican.</subfield></datafield><datafield ind1=" " ind2=" " tag="260"><subfield code="a">Crandon, Wis. :</subfield><subfield code="b">H. Kronschnabl,</subfield><subfield code="c">1928-</subfield></datafield><datafield ind1=" " ind2=" " tag="300"><subfield code="a">v. :</subfield><subfield code="b">ill.</subfield></datafield><datafield ind1=" " ind2=" " tag="310"><subfield code="a">Weekly</subfield></datafield><datafield ind1="0" ind2=" " tag="362"><subfield code="a">Forty-first year, no. 43 (Apr. 26, 1928)-</subfield></datafield><datafield ind1=" " ind2=" " tag="500"><subfield code="a">Editors: H. Kronschnabl, April 26, 1928-Jan. 3, 1935; J. Kronschnabl, Jan. 10, 1935-April 25, 1940; H. Kronschnabl, May 2, 1940-&lt;Dec. 26, 1940&gt;; J. Kronschnabl, &lt;Sept. 23, 1943&gt;-Dec. 2, 1965; L. Kronschnabl, Jan. 6, 1966-May 25, 1967; R.H. Steel, June 1, 1967-</subfield></datafield><datafield ind1=" " ind2=" " tag="530"><subfield code="a">Available on microfilm from The State Historical Society of Wisconsin.</subfield></datafield><datafield ind1=" " ind2=" " tag="752"><subfield code="a">United States</subfield><subfield code="b">Wisconsin</subfield><subfield code="c">Forest</subfield><subfield code="d">Crandon.</subfield></datafield><datafield ind1="0" ind2="0" tag="780"><subfield code="t">Forest republican, Wabeno-Soperton advertiser</subfield><subfield code="w">(DLC)sn 86086102</subfield></datafield><datafield ind1="0" ind2="5" tag="780"><subfield code="t">Northern Wisconsin news and Forest County tribune</subfield><subfield code="w">(DLC)sn 85040219</subfield></datafield><datafield ind1="1" ind2=" " tag="029"><subfield code="a">AU@</subfield><subfield code="b">000025823341</subfield></datafield></record>